@book{hatcher,
	author = "Allen Hatcher",
	title = "Algebraic Topology",
	year = "2001",
	url = "pi.math.cornell.edu/~hatcher/AT/AT.pdf",
	publisher = "Cambridge University Press"
}

@book{riehl,
	author = "Emily Riehl",
	title = "Cateogry Theory in Context",
	year = "2016",
	url = "http://www.math.jhu.edu/~eriehl/context.pdf",
	publisher = "Dover Publications"
}

@article{pyradiomics,
	author = "van Griethuysen, J. J. M. and Fedorov, A. and Parmar, C. and Hosny, A. and
	Aucoin, N. and Narayan, V. and Beets-Tan, R. G. H. and Fillon-Robin, J. C. and Pieper,
	S. and Aerts, H.  J. W. L.",
	title = "Computational radiomics system to decode the radiographic phenotype",
	journal = "Cancer Research",
	volume = "77",
	number = "21",
	pages = "104--107",
	year = "2017",
	DOI = "10.1158/0008-5472.can-17-0339"
}

@thesis{campos,
	author = "Campos, Martín",
	title = "Filtraciones en homología persistente mediante estimadores kernel de densidad",
	school = "Universitat Autònoma de Barcelona, Facultat de Matemàtiques",
	year = "2018",
	month = "jun",
}

@article{edelsbrunner08,
	author = {Edelsbrunner, H. and Harer, J.},
	year = {2008},
	month = {01},
	title = {Persistent homology—a survey},
	volume = {453},
	journal = {Discrete \& Computational Geometry - DCG},
	doi = {10.1090/conm/453/08802},
	url = {https://pub.ist.ac.at/~edels/Papers/2008-B-02-PersistentHomology.pdf}
}

@inproceedings{edelsbrunner12,
	author = {Edelsbrunner, H. and Morozov, D.},
	year = {2012},
	month = {01},
	pages = {31-50},
	title = {Persistent homology: theory and practice},
	booktitle = {Proceedings of the European Congress of Mathematics},
	eventdate = {2012-07-02/2012-07-07},
	organization = {Europ. Soc. of Mathematics},
	location = {Krakow},
	url = {https://pub.ist.ac.at/~edels/Papers/2012-P-11-PHTheoryPractice.pdf},
}

@incollection{edelsbrunner16,
	author = {Edelsbrunner, H. and Morozov, D.},
	title = {Persistent Homology},
	booktitle = {Handbook of Computational and Discrete Geometry, 3rd ed.},
	chapter = {24},
	year = {2016},
	url = {https://pub.ist.ac.at/~edels/Papers/2016-B-01-PersDM.pdf},
	editor = {Goodman, J. E. and O'Rourke, J. and Tóth, C. D.},
	publisher = {CRC Press},
	address = {Boca Raton, FL}
}
